%% This BibTeX bibliography file was created using BibDesk.
%% http://bibdesk.sourceforge.net/

%% Created for Yannick Merckx at 2015-12-26 21:28:26 +0100 


%% Saved with string encoding Unicode (UTF-8) 



@article{kharrazcutting,
	Author = {Kharraz, Amin and Robertson, William and Balzarotti, Davide and Bilge, Leyla and Kirda, Engin},
	Date-Added = {2015-12-26 20:28:22 +0000},
	Date-Modified = {2015-12-26 20:28:22 +0000},
	Title = {Cutting the Gordian Knot: A Look Under the Hood of Ransomware Attacks}}

@url{Offlinerandsomeware,
	Author = {Checkpoint},
	Date-Added = {2015-12-26 14:32:48 +0000},
	Date-Modified = {2015-12-26 14:33:49 +0000},
	Lastchecked = {26/12/2015},
	Title = {``Offline'' Ransomware Encrypts Your Data without C&C Communication},
	Urldate = {http://blog.checkpoint.com/2015/11/04/offline-ransomware-encrypts-your-data-without-cc-communication/}}

@url{Malware,
	Author = {http://techterms.com},
	Date-Added = {2015-12-26 10:47:19 +0000},
	Date-Modified = {2015-12-26 11:03:14 +0000},
	Lastchecked = {26/12/2015},
	Title = {Malware},
	Urldate = {http://techterms.com/definition/malware}}
